%% This BibTeX bibliography file was created using BibDesk.
%% http://bibdesk.sourceforge.net/


%% Created for Vadim Bulitko at 2013-09-06 14:44:18 -0600 


%% Saved with string encoding Unicode (UTF-8) 
@article{talvitie2018learning,
  title={Learning the Reward Function for a Misspecified Model},
  author={Talvitie, Erik},
  journal={arXiv preprint arXiv:1801.09624},
  year={2018}
}

@incollection{sutton1990integrated,
  title={Integrated architectures for learning, planning, and reacting based on approximating dynamic programming},
  author={Sutton, Richard S},
  booktitle={Machine Learning Proceedings 1990},
  pages={216--224},
  year={1990},
  publisher={Elsevier}
}

@inproceedings{bengio2009curriculum,
  title={Curriculum learning},
  author={Bengio, Yoshua and Louradour, J{\'e}r{\^o}me and Collobert, Ronan and Weston, Jason},
  booktitle={Proceedings of the 26th annual international conference on machine learning},
  pages={41--48},
  year={2009},
  organization={ACM}
}

@article{simard2017machine,
  title={Machine teaching: A new paradigm for building machine learning systems},
  author={Simard, Patrice Y and Amershi, Saleema and Chickering, David M and Pelton, Alicia Edelman and Ghorashi, Soroush and Meek, Christopher and Ramos, Gonzalo and Suh, Jina and Verwey, Johan and Wang, Mo and others},
  journal={arXiv preprint arXiv:1707.06742},
  year={2017}
}

@article{graves2017automated,
  title={Automated curriculum learning for neural networks},
  author={Graves, Alex and Bellemare, Marc G and Menick, Jacob and Munos, Remi and Kavukcuoglu, Koray},
  journal={arXiv preprint arXiv:1704.03003},
  year={2017}
}

@article{price2003accelerating,
  title={Accelerating reinforcement learning through implicit imitation},
  author={Price, Bob and Boutilier, Craig},
  journal={Journal of Artificial Intelligence Research},
  volume={19},
  pages={569--629},
  year={2003}
}

@article{mnih2013playing,
  title={Playing atari with deep reinforcement learning},
  author={Mnih, Volodymyr and Kavukcuoglu, Koray and Silver, David and Graves, Alex and Antonoglou, Ioannis and Wierstra, Daan and Riedmiller, Martin},
  journal={arXiv preprint arXiv:1312.5602},
  year={2013}
}

@article{silver2017mastering,
  title={Mastering the game of Go without human knowledge},
  author={Silver, David and Schrittwieser, Julian and Simonyan, Karen and Antonoglou, Ioannis and Huang, Aja and Guez, Arthur and Hubert, Thomas and Baker, Lucas and Lai, Matthew and Bolton, Adrian and others},
  journal={Nature},
  volume={550},
  number={7676},
  pages={354},
  year={2017},
  publisher={Nature Publishing Group}
}

@article{moravvcik2017deepstack,
  title={Deepstack: Expert-level artificial intelligence in heads-up no-limit poker},
  author={Morav{\v{c}}{\'\i}k, Matej and Schmid, Martin and Burch, Neil and Lis{\`y}, Viliam and Morrill, Dustin and Bard, Nolan and Davis, Trevor and Waugh, Kevin and Johanson, Michael and Bowling, Michael},
  journal={Science},
  volume={356},
  number={6337},
  pages={508--513},
  year={2017},
  publisher={American Association for the Advancement of Science}
}

@inproceedings{chaslot2008monte,
  title={Monte-Carlo Tree Search: A New Framework for Game AI.},
  author={Chaslot, Guillaume and Bakkes, Sander and Szita, Istvan and Spronck, Pieter},
  booktitle={AIIDE},
  year={2008}
}

@article{dawkins2006selfish,
  title={The selfish gene: with a new introduction by the author},
  author={Dawkins, Richard},
  journal={UK: Oxford University Press.(Originally published in 1976)},
  year={2006}
}

@article{ackley1991interactions,
  title={Interactions between learning and evolution},
  author={Ackley, David and Littman, Michael},
  journal={Artificial life II},
  volume={10},
  pages={487--509},
  year={1991}
}